@Book{Jech2003,
  title     = {Set theory.},
  publisher = {Berlin: Springer},
  year      = {2003},
  author    = {Thomas {Jech}},
  isbn      = {3-540-44085-2},
  doi       = {10.1007/3-540-44761-X},
  issn      = {1439-7382},
  journal   = {Springer Monographs in Mathematics},
  keywords  = {03-02 03Exx 03-01 03E05 03E45 03E15 03E40 03E50 03E55 03E35 03E60 03E04 03E10 03E17 03E02},
  language  = {English},
  pages     = {xiii + 769},
  zbl       = {1007.03002},
}

@Article{Levy1960,
  author    = {Azriel {L\'evy}},
  title     = {Axiom schemata of strong infinity in axiomatic set theory},
  journal   = {Pacific Journal of Mathematics},
  year      = {1960},
  volume    = {10},
  pages     = {223--238},
  issn      = {1945-5844},
  doi       = {10.2140/pjm.1960.10.223},
  language  = {English},
  publisher = {Mathematical Sciences Publishers (MSP), Berkeley, CA; Pacific Journal of Mathematics c/o University of California, Berkeley, CA},
  zbl       = {0201.32602},
}

@InCollection{Artin1967,
  author     = {Michael {Artin} and Barry {Mazur}},
  title      = {Homotopy of varieties in the etale topology},
  booktitle  = {Proc. {C}onf. {L}ocal {F}ields ({D}riebergen, 1966)},
  publisher  = {Springer, Berlin},
  year       = {1967},
  pages      = {1--15},
  mrclass    = {14.55},
  mrnumber   = {0230730},
  mrreviewer = {J. S. Milne},
}

@Unpublished{Barwick2019,
  author = {Clark {Barwick} and Peter J. {Haine}},
  title  = {Pyknotic objects, {I}. {B}asic notions},
  note   = {Preprint available at \href{https://arxiv.org/abs/1904.09966}{\url{arXiv:1904.09966}}},
  month  = {April},
  year   = {2019},
}

@Unpublished{Scholze2019a,
  author        = {Peter {Scholze}},
  title         = {Lectures on Condensed Mathematics},
  note          = {Lecture notes for an ongoing course, available at \href{http://www.math.uni-bonn.de/people/scholze/Condensed.pdf}{\url{www.math.uni-bonn.de/people/scholze/Condensed.pdf}}},
  month         = {April},
  year          = {2019},
  date-added    = {2019-04-17 16:11:09 +0100},
  date-modified = {2019-04-17 16:13:27 +0100},
}

@Misc{Lurie2019,
  author        = {Jacob {Lurie}},
  title         = {Kerodon},
  howpublished  = {\href{https://kerodon.net}{\url{kerodon.net}}},
  year          = {2019},
  date-added    = {2019-03-28 21:25:18 +0000},
  date-modified = {2019-03-28 21:36:02 +0000},
  key           = {5},
  keywords      = {alph},
  shorthand     = {Ker},
}

@Unpublished{Lurie2018b,
  author        = {Jacob {Lurie}},
  title         = {Ultracategories},
  note          = {Preprint available at \href{http://www.math.harvard.edu/~lurie/papers/Conceptual.pdf}{\url{www.math.harvard.edu/~lurie/papers/Conceptual.pdf}}},
  year          = {2018},
  date-added    = {2019-03-09 15:46:10 -0500},
  date-modified = {2019-03-09 15:47:55 -0500},
}

@Book{Artin1969,
  title         = {{\'E}tale homotopy},
  publisher     = {Springer-Verlag, Berlin-New York},
  year          = {1969},
  author        = {Michael {Artin} and Barry {Mazur}},
  series        = {Lecture Notes in Mathematics, No. 100},
  date-added    = {2018-05-20 09:28:56 +0000},
  date-modified = {2018-12-20 15:55:47 -0500},
  mrclass       = {14.55 (18.00)},
  mrnumber      = {0245577},
  mrreviewer    = {J. S. Milne},
  pages         = {iii+169},
}

@Book{Lurie2009,
  title         = {Higher topos theory},
  publisher     = {Princeton University Press},
  year          = {2009},
  author        = {Jacob {Lurie}},
  volume        = {170},
  series        = {Annals of Mathematics Studies},
  address       = {Princeton, NJ},
  isbn          = {978-0-691-14049-0; 0-691-14049-9},
  date-added    = {2018-03-18 14:46:25 +0000},
  date-modified = {2018-03-18 14:46:25 +0000},
  key           = {2},
  keywords      = {HTT, alph},
  mrclass       = {18-02 (18B25 18E35 18G30 18G55 55U40)},
  mrnumber      = {2522659 (2010j:18001)},
  mrreviewer    = {Mark Hovey},
  pages         = {xviii+925},
  shorthand     = {HTT},
}

@Unpublished{Lurie2017,
  author        = {Jacob {Lurie}},
  title         = {Higher Algebra},
  note          = {Preprint available at \texttt{math.ias.edu/~lurie/papers/HA.pdf}},
  month         = {September},
  year          = {2017},
  date-added    = {2018-03-18 14:46:25 +0000},
  date-modified = {2018-03-18 14:46:25 +0000},
  key           = {HA},
  keywords      = {HA, alph},
  shorthand     = {HA},
}

@Unpublished{Lurie2018e,
  author        = {Jacob {Lurie}},
  title         = {Spectral Algebraic Geometry},
  note          = {Preprint available at \href{http://www.math.harvard.edu/~lurie/papers/SAG-rootfile.pdf}{\url{math.harvard.edu/~lurie/papers/SAG-rootfile.pdf}}},
  month         = {February},
  year          = {2018},
  date-added    = {2018-03-18 14:46:25 +0000},
  date-modified = {2018-12-11 09:23:03 -0500},
  key           = {4},
  keywords      = {SAG, alph},
  shorthand     = {SAG},
}

@Book{SGA4-3,
  title         = {Th\'eorie des topos et cohomologie \'etale des sch\'emas. {T}ome 3},
  publisher     = {Springer-Verlag},
  year          = {1963--64},
  series        = {S\'eminaire de G\'eom\'etrie Alg\'ebrique du Bois Marie 1963--64 (SGA 4). Dirig\'e par M. Artin, A. Grothendieck, J.-L. Verdier. Avec la collaboration de N. Bourbaki, P. Deligne, B. Saint--Donat. Lecture Notes in Mathematics, Vol. 305},
  address       = {Berlin},
  date-added    = {2018-03-18 14:46:25 +0000},
  date-modified = {2018-05-11 17:51:00 +0000},
  key           = {{SGA 4 III}},
  keywords      = {SGA, alph},
  mrclass       = {14-06},
  mrnumber      = {50 \#7132},
  pages         = {vi+\xspace640},
  shorthand     = {SGA 4\textsubscript{\textsc{iii}}},
}

@Book{SGA5,
  title         = {Cohomologie {$\ell$}-adique et fonctions {$L$}},
  publisher     = {Springer-Verlag},
  year          = {1965--66},
  series        = {S\'eminaire de G\'eom\'etrie Alg\'ebrique du Bois Marie 1965--66 (SGA 5). Dirig\'e par A. Grothendieck. Avec la collaboration de I. Bucur, C. Houzel, L. Illusie, J.--P. Jouanolou, et J.--P. Serre. Lecture Notes in Mathematics, Vol. 589},
  address       = {Berlin},
  isbn          = {3-540-08248-4},
  date-added    = {2018-03-18 14:46:25 +0000},
  date-modified = {2018-03-18 14:46:25 +0000},
  key           = {{SGA 5}},
  keywords      = {SGA, alph},
  mrclass       = {14F20},
  mrnumber      = {MR0491704 (58 \#10907)},
  mrreviewer    = {J. S. Milne},
  pages         = {xii+484},
  shorthand     = {SGA 5},
}

@Book{SGAA7-1,
  title         = {Groupes de monodromie en g\'eom\'etrie alg\'ebrique. {I}},
  publisher     = {Springer-Verlag},
  year          = {1967--69},
  series        = {S\'eminaire de G\'eom\'etrie Alg\'ebrique du Bois Marie 1967--69 (SGA 7). Dirig\'e par A. Grothendieck. Avec la collaboration de M. Raynaud et D. S. Rim. Lecture Notes in Mathematics, Vol. 288},
  address       = {Berlin},
  date-added    = {2018-03-18 14:46:25 +0000},
  date-modified = {2018-03-18 14:46:25 +0000},
  key           = {{SGA 7 I}},
  keywords      = {SGA, alph},
  mrclass       = {14-06},
  mrnumber      = {MR0354656 (50 \#7134)},
  pages         = {viii+523},
  shorthand     = {SGA 7\textsubscript{\textsc{i}}},
}

@Book{SGA3-1,
  title         = {Sch\'emas en groupes. {I}: {P}ropri\'et\'es g\'en\'erales des sch\'emas en groupes},
  publisher     = {Springer-Verlag},
  year          = {1962--64},
  series        = {S\'eminaire de G\'eom\'etrie Alg\'ebrique du Bois Marie 1962--64 (SGA 3). Dirig\'e par M. Demazure et A. Grothendieck. Lecture Notes in Mathematics, Vol. 151},
  address       = {Berlin},
  date-added    = {2018-03-18 14:46:25 +0000},
  date-modified = {2018-03-18 14:46:25 +0000},
  key           = {{SGA 3 I}},
  keywords      = {SGA, alph},
  mrclass       = {14.50},
  mrnumber      = {43 \#223a},
  pages         = {xv+564},
  shorthand     = {SGA 3\textsubscript{\textsc{i}}},
}

@Book{SGA3-3,
  title         = {Sch\'emas en groupes. {III}: {S}tructure des sch\'emas en groupes r\'eductifs},
  publisher     = {Springer-Verlag},
  year          = {1962--64},
  series        = {S\'eminaire de G\'eom\'etrie Alg\'ebrique du Bois Marie 1962--64 (SGA 3). Dirig\'e par M. Demazure et A. Grothendieck. Lecture Notes in Mathematics, Vol. 153},
  address       = {Berlin},
  date-added    = {2018-03-18 14:46:25 +0000},
  date-modified = {2018-03-18 14:46:25 +0000},
  key           = {{SGA 3 III}},
  keywords      = {SGA, alph},
  mrclass       = {14.50},
  mrnumber      = {43 \#223c},
  pages         = {viii+529},
  shorthand     = {SGA 3\textsubscript{\textsc{iii}}},
}

@Book{SGA7-2,
  title         = {Groupes de monodromie en g\'eom\'etrie alg\'ebrique. {II}},
  publisher     = {Springer-Verlag},
  year          = {1967--69},
  series        = {S\'eminaire de G\'eom\'etrie Alg\'ebrique du Bois Marie 1967--69 (SGA 7). Dirig\'e par A. Grothendieck. Par P. Deligne et N. Katz. Lecture Notes in Mathematics, Vol. 340},
  address       = {Berlin},
  date-added    = {2018-03-18 14:46:25 +0000},
  date-modified = {2018-03-18 14:46:25 +0000},
  key           = {{SGA 7 II}},
  keywords      = {SGA, alph},
  mrclass       = {14-06},
  mrnumber      = {MR0354657 (50 \#7135)},
  pages         = {x+438},
  shorthand     = {SGA 7\textsubscript{\textsc{ii}}},
}

@Book{SGA4-2,
  title         = {Th\'eorie des topos et cohomologie \'etale des sch\'emas. {T}ome 2},
  publisher     = {Springer-Verlag},
  year          = {1963--64},
  series        = {S\'eminaire de G\'eom\'etrie Alg\'ebrique du Bois Marie 1963--64 (SGA 4). Dirig\'e par M. Artin, A. Grothendieck, J.-L. Verdier. Avec la collaboration de N. Bourbaki, P. Deligne, B. Saint--Donat. Lecture Notes in Mathematics, Vol. 270},
  address       = {Berlin},
  date-added    = {2018-03-18 14:46:25 +0000},
  date-modified = {2018-05-11 17:50:08 +0000},
  key           = {{SGA 4 II}},
  keywords      = {SGA, alph},
  mrclass       = {14-06},
  mrnumber      = {50 \#7131},
  pages         = {iv+\xspace418},
  shorthand     = {SGA 4\textsubscript{\textsc{ii}}},
}

@Book{SGA4-1,
  title         = {Th\'eorie des topos et cohomologie \'etale des sch\'emas. {T}ome 1: {T}h\'eorie des topos},
  publisher     = {Springer-Verlag},
  year          = {1963--64},
  series        = {S\'eminaire de G\'eom\'etrie Alg\'ebrique du Bois Marie 1963--64 (SGA 4). Dirig\'e par M. Artin, A. Grothendieck, J.-L. Verdier. Avec la collaboration de N. Bourbaki, P. Deligne, B. Saint--Donat. Lecture Notes in Mathematics, Vol. 269},
  address       = {Berlin},
  date-added    = {2018-03-18 14:46:25 +0000},
  date-modified = {2018-05-11 17:48:00 +0000},
  key           = {{SGA 4 I}},
  keywords      = {SGA, alph},
  mrclass       = {14-06},
  mrnumber      = {50 \#7130},
  pages         = {xix+525},
  shorthand     = {SGA 4\textsubscript{\textsc{i}}},
}

@Book{SGA6,
  title         = {Th\'eorie des intersections et th\'eor\`eme de {R}iemann-{R}och},
  publisher     = {Springer-Verlag},
  year          = {1966--67},
  series        = {S\'eminaire de G\'eom\'etrie Alg\'ebrique du Bois Marie 1966--67 (SGA 6). Dirig\'e par P. Berthelot, A. Grothendieck, L. Illusie. Avec la collaboration de D. Ferrand, J. P. Jouanolou, O. Jussila, S. Kleiman, M. Raynaud, J. P. Serre. Lecture Notes in Mathematics, Vol. 225},
  address       = {Berlin},
  date-added    = {2018-03-18 14:46:25 +0000},
  date-modified = {2018-03-18 14:46:25 +0000},
  key           = {{SGA 6}},
  keywords      = {SGA, alph},
  mrclass       = {14-06},
  mrnumber      = {50 \#7133},
  pages         = {xii+700},
  shorthand     = {SGA 6},
}

@Book{SGA3-2,
  title         = {Sch\'emas en groupes. {II}: {G}roupes de type multiplicatif, et structure des sch\'emas en groupes g\'en\'eraux},
  publisher     = {Springer-Verlag},
  year          = {1962--64},
  series        = {S\'eminaire de G\'eom\'etrie Alg\'ebrique du Bois Marie 1962--64 (SGA 3). Dirig\'e par M. Demazure et A. Grothendieck. Lecture Notes in Mathematics, Vol. 152},
  address       = {Berlin},
  date-added    = {2018-03-18 14:46:25 +0000},
  date-modified = {2018-03-18 14:46:25 +0000},
  key           = {{SGA 3 II}},
  keywords      = {SGA, alph},
  mrclass       = {14.50},
  mrnumber      = {43 \#223b},
  pages         = {ix+654},
  shorthand     = {SGA 3\textsubscript{\textsc{ii}}},
}

@Book{SGA1,
  title         = {Rev\^etements \'etales et groupe fondamental},
  publisher     = {Springer-Verlag},
  year          = {1960--61},
  series        = {S\'eminaire de G\'eom\'etrie Alg\'ebrique du Bois Marie 1960--61 (SGA 1). Dirig\'e par A. Grothendieck. Lecture Notes in Mathematics, Vol. 224},
  address       = {Berlin},
  date-added    = {2018-03-18 14:46:25 +0000},
  date-modified = {2018-03-18 14:46:25 +0000},
  key           = {{SGA 1}},
  keywords      = {SGA, alph},
  mrclass       = {14-06 (14E20)},
  mrnumber      = {50 \#7129},
  pages         = {xxii+447},
  shorthand     = {SGA 1},
}

@Book{SGA4.5,
  title         = {Cohomologie \'etale},
  publisher     = {Springer-Verlag},
  year          = {1977},
  series        = {S\'eminaire de G\'eom\'etrie Alg\'ebrique du Bois Marie (SGA 4\textonehalf). Dirig{\'e} par P. Deligne},
  address       = {Berlin},
  date-added    = {2018-03-18 14:46:25 +0000},
  date-modified = {2018-03-18 14:46:25 +0000},
  key           = {{SGA 4\textonehalf}},
  keywords      = {SGA, alph},
  mrclass       = {14F20},
  mrnumber      = {57 \#3132},
  mrreviewer    = {J. S. Milne},
  pages         = {iv+312pp},
  shorthand     = {SGA 4\textonehalf},
}

@Book{SGA2,
  title         = {Cohomologie locale des faisceaux coh\'erents et th\'eor\`emes de {L}efschetz locaux et globaux},
  publisher     = {North-Holland Publishing Co.},
  year          = {1962},
  series        = {S\'eminaire de G\'eom\'etrie Alg\'ebrique du Bois Marie 1962 (SGA 2). Dirig\'e par A. Grothendieck.},
  address       = {Amsterdam},
  date-added    = {2018-03-18 14:46:25 +0000},
  date-modified = {2018-03-18 14:46:25 +0000},
  key           = {{SGA 2}},
  keywords      = {SGA, alph},
  mrclass       = {14B15 (14C20 14F20)},
  mrnumber      = {57 \#16294},
  pages         = {vii+287},
  shorthand     = {SGA 2},
}

@Book{Illusie2014,
  title         = {Travaux de {G}abber sur l'uniformisation locale et la cohomologie \'etale des sch\'emas quasi-excellents},
  publisher     = {Soci\'et\'e Math\'ematique de France, Paris},
  year          = {2014},
  editor        = {Luc {Illusie} and Yves {Laszlo} and Fabrice {Orgogozo}},
  note          = {S\'eminaire \`a l'\'Ecole Polytechnique 2006--2008. With the collaboration of Fr\'ed\'eric D\'eglise, Alban Moreau, Vincent Pilloni, Michel Raynaud, Jo\"el Riou, Beno\^it Stroh, Michael Temkin and Weizhe Zheng, Ast{\'e}risque No. 363-364 (2014)},
  date-modified = {2019-04-02 20:04:42 +0100},
  issn          = {0303-1179},
  mrclass       = {14-06 (14A15 14E15 14F05 14F20)},
  mrnumber      = {3309086},
  pages         = {i--xxiv and 1--625},
}

@Article{Jorgensen1970,
  author    = {Murray {Jorgensen}},
  title     = {An equivalent form of L\'evy's axiom schema},
  journal   = {Proceedings of the American Mathematical Society},
  year      = {1970},
  volume    = {26},
  pages     = {651--654},
  issn      = {0002-9939},
  doi       = {10.2307/2037129},
  keywords  = {03E10},
  language  = {English},
  publisher = {American Mathematical Society (AMS), Providence, RI},
  zbl       = {0212.02201},
}

@InProceedings{Montague1962,
  author       = {Richard {Montague}},
  title        = {Two contributions to the foundations of set theory},
  year         = {1962},
  howpublished = {{Logic, Methodology and Philosophy of Science, Proc. 1960 Int. Congr. 94-110 (1962).}},
  keywords     = {03Exx},
  language     = {English},
  zbl          = {0199.01402},
}

@Article{Hamkins2005,
  author    = {Joel David {Hamkins} and W. Hugh {Woodin}},
  title     = {The Necessary Maximality Principle for c.c.c. forcing is equiconsistent with a weakly compact cardinal},
  journal   = {Mathematical Logic Quarterly (MLQ)},
  year      = {2005},
  volume    = {51},
  number    = {5},
  pages     = {493--498},
  issn      = {0942-5616},
  doi       = {10.1002/malq.200410045},
  keywords  = {03E55 03E40},
  language  = {English},
  publisher = {Wiley (Wiley-VCH), Berlin},
  zbl       = {1078.03042},
}

@Article{Hamkins2003,
  author    = {Joel David {Hamkins}},
  title     = {A simple maximality principle.},
  journal   = {The Journal of Symbolic Logic},
  year      = {2003},
  volume    = {68},
  number    = {2},
  pages     = {527--550},
  issn      = {0022-4812},
  doi       = {10.2178/jsl/1052669062},
  keywords  = {03E35 03E40 03B45},
  language  = {English},
  publisher = {Cambridge University Press, West Nyack, NY; Association for Symbolic Logic (ASL), Poughkeepsie, NY},
  zbl       = {1056.03028},
}

@Book{Kanamori2009,
  title     = {The higher infinite. Large cardinals in set theory from their beginnings.},
  publisher = {Berlin: Springer},
  year      = {2009},
  author    = {Akihiro {Kanamori}},
  isbn      = {978-3-540-88866-6},
  issn      = {1439-7382},
  journal   = {Springer Monographs in Mathematics},
  keywords  = {03E55 03-02 03E05 03E35 03-03 03E60 03E15},
  language  = {English},
  pages     = {xxii + 536},
  zbl       = {1154.03033},
}

@Article{Dowd1993,
  author    = {Martin {Dowd}},
  title     = {Remarks on Levy's reflection axiom},
  journal   = {Mathematical Logic Quarterly (MLQ)},
  year      = {1993},
  volume    = {39},
  number    = {1},
  pages     = {79--95},
  issn      = {0942-5616},
  doi       = {10.1002/malq.19930390111},
  keywords  = {03E30 03E55 03E45 03E50},
  language  = {English},
  publisher = {Wiley (Wiley-VCH), Berlin},
  zbl       = {0803.03030},
}

@Article{Marshall1989,
  author    = {M. Victoria {Marshall R.}},
  title     = {Higher order reflection principles},
  journal   = {The Journal of Symbolic Logic},
  year      = {1989},
  volume    = {54},
  number    = {2},
  pages     = {474--489},
  issn      = {0022-4812},
  doi       = {10.2307/2274862},
  keywords  = {03E55},
  language  = {English},
  publisher = {Cambridge University Press, West Nyack, NY; Association for Symbolic Logic (ASL), Poughkeepsie, NY},
  zbl       = {0702.03032},
}

@InProceedings{DiPrisco1988,
  author       = {Carlos A. {Di Prisco} and Wiktor {Marek}},
  title        = {Reflection properties induced by some large cardinal axioms},
  year         = {1988},
  howpublished = {{Methods and applications of mathematical logic, Proc. 7th Lat. Am. Symp. Math. Logic, Campinas/Braz. 1985, Contemp. Math. 69, 19-25 (1988).}},
  keywords     = {03E55 03E10 03E65},
  language     = {English},
  zbl          = {0635.03050},
}

@Book{Drake1974,
  title         = {Set theory. An introduction to large cardinals},
  publisher     = {Elsevier, Amsterdam},
  year          = {1974},
  author        = {Frank R. {Drake}},
  volume        = {76},
  __markedentry = {[clarkbar:]},
  journal       = {Studies in Logic and the Foundations of Mathematics},
  keywords      = {03E55 03E35 03E25 03E50 03B15 03C75 03Exx 03E10 03E05 05C05 03E15 03-02 03C68 03C30 03C60},
  language      = {English},
  zbl           = {0294.02034},
}

@InCollection{Gloede1973,
  author     = {Klaus {Gloede}},
  title      = {Filters closed under {M}ahlo's and {G}aifman's operation},
  booktitle  = {Cambridge {S}ummer {S}chool in {M}athematical {L}ogic ({C}ambridge, 1971)},
  publisher  = {Springer},
  year       = {1973},
  volume     = {337},
  series     = {Lecture Notes in Mathematics},
  pages      = {495--530},
  mrclass    = {02K35},
  mrnumber   = {0363907},
  mrreviewer = {G. Fodor},
}

@InCollection{Gloede1976,
  author     = {Klaus {Gloede}},
  title      = {Reflection principles and indescribability},
  booktitle  = {Sets and classes (on the work by {P}aul {B}ernays)},
  publisher  = {North-Holland Publishing Co.},
  year       = {1976},
  volume     = {84},
  series     = {Studies in Logic and the Foundations of Mathematics},
  pages      = {277--323},
  mrclass    = {02K35 (02K05)},
  mrnumber   = {0429565},
  mrreviewer = {A. Levy},
}

@Article{Tarski1938,
  author        = {Alfred {Tarski}},
  title         = {\"Uber unerreichbare Kardinalzahlen},
  journal       = {Fundamenta Mathematicae},
  year          = {1938},
  volume        = {30},
  pages         = {68--89},
  issn          = {0016-2736},
  __markedentry = {[clarkbar:6]},
  doi           = {10.4064/fm-30-1-68-89},
  language      = {German},
  publisher     = {Polish Academy of Sciences (Polska Akademia Nauk - PAN), Institute of Mathematics (Instytut Matematyczny), Warsaw},
  zbl           = {0018.34702},
}

@Article{deLyra1965,
  author     = {Carlos {de Lyra}},
  title      = {On a conjecture in homotopy theory},
  journal    = {An. Acad. Brasil. Ci.},
  year       = {1965},
  volume     = {37},
  pages      = {167--184},
  issn       = {0001-3765},
  fjournal   = {Anais da Academia Brasileira de Ci\^{e}ncias},
  mrclass    = {55.40},
  mrnumber   = {198467},
  mrreviewer = {Robert Freeman Brown},
}
